@book{Anderson2008sea,
  author={Anderson, Ross J.},
  title={Security Engineering},
  subtitle={A guide to building dependable distributed systems},
  publisher={Wiley},
  address={Indianapolis, IN},
  year={2008},
  edition={2},
  ISBN={978-0-470-06852-6 (hbk.)},
  URL={http://www.cl.cam.ac.uk/~rja14/book.html},
  keywords={IT-s{\"a}kerhet},
}

@inproceedings{WhyJohnnyCantEncrypt,
  title={Why Johnny Can't Encrypt: A Usability Evaluation of PGP 5.0.},
  author={Whitten, Alma and Tygar, J Doug},
  booktitle={USENIX Security Symposium},
  volume={348},
  year={1999}
}

@inproceedings{WhyJohnnyStillCantEncrypt,
  title={Why Johnny still canâ€™t encrypt: Evaluating the usability of email 
    encryption software},
  author={Sheng, Steve and Broderick, Levi and Koranda, Colleen Alison and 
    Hyland, Jeremy J},
  booktitle={Symposium On Usable Privacy and Security},
  pages={3--4},
  year={2006}
}

@article{WhyJohnnyStillStillCantEncrypt,
  title={Why Johnny still, still can't encrypt: Evaluating the usability of a 
    modern PGP client},
  author={Ruoti, Scott and Andersen, Jeff and Zappala, Daniel and Seamons, 
    Kent},
  journal={arXiv preprint arXiv:1510.08555},
  year={2015}
}

@inproceedings{CanJohnnyFinallyEncrypt,
  title={Can Johnny finally encrypt?: evaluating E2E-encryption in popular IM 
    applications},
  author={Herzberg, Amir and Leibowitz, Hemi},
  booktitle={Proceedings of the 6th Workshop on Socio-Technical Aspects 
    in Security and Trust},
  pages={17--28},
  year={2016},
  organization={ACM}
}
